@article{baliga2010green,
	title={Green cloud computing: Balancing energy in processing, storage, and transport},
	author={Baliga, Jayant and Ayre, Robert WA and Hinton, Kerry and Tucker, Rodney S},
	journal={Proceedings of the IEEE},
	volume={99},
	number={1},
	pages={149--167},
	year={2010},
	publisher={IEEE}
}

@article{kant2009data,
	title={Data center evolution: A tutorial on state of the art, issues, and challenges},
	author={Kant, Krishna},
	journal={Computer Networks},
	volume={53},
	number={17},
	pages={2939--2965},
	year={2009},
	publisher={Elsevier}
}

@article{chandransurvey,
	title={A SURVEY ON LOWERING POWER CONSUMPTION IN CLOUD ENVIRONMENT WITH GREEN COMPUTING TECHNIQUES},
	author={Chandran, Suraj and Banubakode, Abhijit},
	year={2016},
}
@article{khan2015handbook,
	title={Handbook on data centers},
	author={Khan, Samee U and Zomaya, Albert Y},
	year={2015},
	publisher={Springer}
}

@online{telefonica2021,
	title={Telefónica - Acerca de nosotros},
	author={Telefónica},
	year={2021},
	howpublished={\url{https://www.telefonica.com/es/web/about_telefonica/nuestra-nueva-marca}}
}



@online{telefonica2019,
	author = {Telefónica},
	title = {Telefónica vende a Asterion},	
	year={2019},
	howpublished = {\url{https://www.telefonica.com/es/web/sala-de-prensa/-/telefonica-acuerda-con-asterion-industrial-partners-la-venta-de-11-data-centers-por-550-millones-de-euros}}
	
}


@online{Invertia2019,
	author = {Invertia},
	title = {Telefónica vende a Nabiax},	
	year={2021},
	howpublished = {\url{https://www.elespanol.com/invertia/empresas/tecnologia/20210510/telefonica-cierra-compra-nabiax-venta-centros-datos/580192219_0.html}}
	
}


@online{telefonicachile,
	author = {Telefónica-Chile},
	title = {Centro de datos de Teñefónica en Chile},	
	year={2021},
	howpublished = {\url{https://www.youtube.com/watch?v=DMNO2MvZe-Y}}
	
}

@online{telefonicaespania,
	author = {Telefónica-España},
	title = {Centro de datos de Teñefónica en España},	
	year={2021},
	howpublished = {\url{https://www.youtube.com/watch?v=naENbwanMlg&t=10s}}
	
}

@online{telefonicamexico,
	author = {Telefónica-México},
	title = {Centro de datos de Teñefónica en Méjico},	
	year={2021},
	howpublished = {\url{https://www.youtube.com/watch?v=naENbwanMlg&t=10s}}
	
}

@online{telefonicaguatemala,
	author = {Telefónica-Guatemala},
	title = {Centro de datos de Teñefónica en Guatemala},	
	year={2021},	
	howpublished = {\url{https://www.youtube.com/watch?v=naENbwanMlg&t=10s}}
	
}

